<record><leader>00000cas a2200000 a 4500</leader><controlfield tag="001">9613165</controlfield><controlfield tag="008">830616d19821984vtuwr ne      0   a0eng c</controlfield><datafield ind1=" " ind2=" " tag="010"><subfield code="a">sn 83009098 </subfield></datafield><datafield ind1=" " ind2=" " tag="040"><subfield code="a">NSD</subfield><subfield code="b">eng</subfield><subfield code="c">NSD</subfield><subfield code="d">NYS</subfield><subfield code="d">NVN</subfield><subfield code="d">NSD</subfield><subfield code="d">OCLCQ</subfield><subfield code="d">OCLCF</subfield><subfield code="d">OCLCO</subfield></datafield><datafield ind1=" " ind2=" " tag="012"><subfield code="j">0</subfield><subfield code="m">d</subfield></datafield><datafield ind1="1" ind2=" " tag="022"><subfield code="a">0745-9440</subfield><subfield code="l">0745-9440</subfield><subfield code="2">1</subfield></datafield><datafield ind1="1" ind2=" " tag="029"><subfield code="a">AU@</subfield><subfield code="b">000025814853</subfield></datafield><datafield ind1=" " ind2=" " tag="032"><subfield code="a">657660</subfield><subfield code="b">USPS</subfield></datafield><datafield ind1=" " ind2=" " tag="037"><subfield code="b">The Vergennes Citzen, 147 Main St., Vergennes, VT 05491</subfield></datafield><datafield ind1=" " ind2=" " tag="042"><subfield code="a">pcc</subfield><subfield code="a">nsdp</subfield></datafield><datafield ind1="0" ind2=" " tag="130"><subfield code="a">Vergennes citizen (Vergennes, Vt. : 1982)</subfield></datafield><datafield ind1=" " ind2="4" tag="222"><subfield code="a">The Vergennes citizen</subfield></datafield><datafield ind1="0" ind2="4" tag="245"><subfield code="a">The Vergennes citizen.</subfield></datafield><datafield ind1=" " ind2=" " tag="260"><subfield code="a">Vergennes, Vt. :</subfield><subfield code="b">Edward Williams,</subfield><subfield code="c">1982-1984.</subfield></datafield><datafield ind1=" " ind2=" " tag="300"><subfield code="a">v.</subfield></datafield><datafield ind1=" " ind2=" " tag="310"><subfield code="a">Weekly</subfield></datafield><datafield ind1="0" ind2=" " tag="362"><subfield code="a">Vol. 1, no. 1 (Jan. 21, 1982-v. 1, no. 7 (Mar. 5, 1982) ; v. 158, no. 11 (Mar. 12, 1982)-v. 159 (Mar. 9, 1984).</subfield></datafield><datafield ind1=" " ind2=" " tag="515"><subfield code="a">Numerous repetitions for issue numbers. Issue numbers ended with Jan. 27, 1984 edition.</subfield></datafield><datafield ind1=" " ind2="0" tag="651"><subfield code="a">Vergennes (Vt.)</subfield><subfield code="v">Newspapers.</subfield></datafield><datafield ind1=" " ind2="0" tag="651"><subfield code="a">Vermont</subfield><subfield code="v">Newspapers.</subfield></datafield><datafield ind1=" " ind2="7" tag="655"><subfield code="a">Newspapers.</subfield><subfield code="2">fast</subfield><subfield code="0">(OCoLC)fst01423814</subfield></datafield><datafield ind1=" " ind2="7" tag="651"><subfield code="a">Vermont.</subfield><subfield code="2">fast</subfield><subfield code="0">(OCoLC)fst01204305</subfield></datafield><datafield ind1=" " ind2="7" tag="651"><subfield code="a">Vermont</subfield><subfield code="z">Vergennes.</subfield><subfield code="2">fast</subfield><subfield code="0">(OCoLC)fst01214454</subfield></datafield><datafield ind1=" " ind2=" " tag="752"><subfield code="a">United States</subfield><subfield code="b">Vermont</subfield><subfield code="c">Addison</subfield><subfield code="d">Vergennes.</subfield></datafield><datafield ind1="0" ind2="0" tag="780"><subfield code="t">Enterprise and Vermonter</subfield><subfield code="w">(DLC)sn 88083275</subfield><subfield code="w">(OCoLC)17468491</subfield></datafield><datafield ind1="0" ind2="0" tag="785"><subfield code="t">Edward Williams weekly</subfield><subfield code="w">(DLC)sn 8409220</subfield><subfield code="w">(OCoLC)10617243</subfield><subfield code="x">0747-170X</subfield></datafield><datafield ind1=" " ind2=" " tag="936"><subfield code="a">May 27, 1983</subfield></datafield></record>